<?xml version="1.0" encoding="UTF-8"?><collection xmlns="http://www.loc.gov/MARC21/slim"><record><leader>00408nam--2200145-i-4500</leader><controlfield tag="001">000028953</controlfield><controlfield tag="002">20161230</controlfield><controlfield tag="005">20161230201037</controlfield><controlfield tag="008">060222s1000------------r-----000-0-eng-d</controlfield><datafield ind1=" " ind2=" " tag="080"><subfield code="a">512</subfield></datafield><datafield ind1=" " ind2=" " tag="100"><subfield code="a">Laatsch, Richard</subfield></datafield><datafield ind1=" " ind2=" " tag="245"><subfield code="a">Basic algebraic systems.an introduction to abstract algebra</subfield></datafield><datafield ind1=" " ind2=" " tag="260"><subfield code="a">New York, Mcgraw-hill Book Co., 1968. Xii + 224p</subfield></datafield><datafield ind1=" " ind2=" " tag="852"><subfield code="a">32838</subfield><subfield code="c">512</subfield></datafield><datafield ind1=" " ind2=" " tag="CAT"><subfield code="a">Sys</subfield><subfield code="c">20080508</subfield><subfield code="h">142955</subfield></datafield></record></collection>